
@booklet{qm,
    keywords    = {major},
    author      = {Evertz, Hans Gerd and von der Linden, Wolfgang},
    title       = {Quantenmechanik},
    subtitle    = {Sommersemester 2017},
    note        = {mit zusätzlichem Anhang 2019}
}

@book{nolting51,
    keywords    = {further},
    author      = {Nolting, Wolfgang},
    title       = {Grundkurs Theoretische Physik 5/1},
    subtitle    = {Quantenmechanik - Grundlagen},
    year        = {2013},
    edition     = {8},
    publisher   = {Springer Spektrum Berlin, Heidelberg},
    isbn        = {978-3-642-25403-1},
    doi         = {10.1007/978-3-642-25403-1}
}
@book{nolting52,
    keywords    = {further},
    author      = {Nolting, Wolfgang},
    title       = {Grundkurs Theoretische Physik 5/2},
    subtitle    = {Quantenmechanik - Methoden und Anwendungen},
    year        = {2014},
    edition     = {8},
    publisher   = {Springer Spektrum Berlin, Heidelberg},
    isbn        = {978-3-662-44230-2},
    doi         = {10.1007/978-3-662-44230-2}
}

@booklet{funki,
    keywords    = {complementary},
    author      = {Behrndt, Jussi and Holzmann, Markus and Schlosser, Peter},
    title       = {Funktionalanalysis und partielle Differentialgleichungen},
    subtitle    = {Skriptum},
    note        = {Wintersemester 2020/21}
}
@book{fliessbach,
    keywords    = {complementary},
    author      = {Fließbach, Torsten},
    title       = {Mechanik},
    subtitle    = {Lehrbuch zur Theoretischen Physik I},
    year        = {2020},
    edition     = {8},
    publisher   = {Springer Berlin Heidelberg},
    isbn        = {978-3-662-61603-1},
    doi         = {10.1007/978-3-662-61603-1}
}



